=LDR  07121cas a2201417 i 4500
=001  012435248
=003  Uk
=005  20220930142628.0
=006  m\\\\\|\\d\|\\\\\\
=007  cr||||\\\\\\\\
=008  040410c19919999sz\qr\p\s\\\\\0\\\b0ger\\
=FMT  \\$a  SE
=019  c\$a102426963
=022  0\$a1423-0402$l1016-6262
=040  \\$aUk$beng$cUk$erda
=042  \\$aukblsr
=082  04$a616.89142$223
=210  1\$aVerhaltenstherapie (Basel, Internet)
=222  \0$aVerhaltenstherapie (Basel. Internet)
=245  00$aVerhaltenstherapie :$bPraxis, Forschung, Perspektiven.
=264  \1$aBasel :$bS. Karger, AG,$c1991-
=300  \\$billustrations (black and white, and colour)
=310  \\$aQuarterly
=336  \\$atext$2rdacontent
=337  \\$acomputer$2rdamedia
=338  \\$aonline resource$2rdacarrier
=362  0\$aBand 1, Heft 1 (März 1991)-
=500  \\$aTitle from PDF contents page (publisher's website, viewed February 3, 2021).
=515  \\$aFrom <2020>- articles added as accepted to current issue.
=588  \\$aLatest issue consulted: Volume 30, number 4, 2020 (viewed February 3, 2021).
=540  \\$aCurrent copyright fee: GBP35.00$c24\0$5Uk
=650  \0$aBehavior therapy$vPeriodicals.
=776  08$iAlso issued in print as:$tVerhaltenstherapie$x1016-6262
=856  4\$31850-9999$uhttp://www.karger.com/$xBLDSS
=859  \\$aELD$bejournal
=852  41$aBritish Library$bDSC$j9156.600000$3Volume 10:Issue 1(2000)-***See ESTAR for full holdings.
=945  \\$aVERHALTENSTHERAPIE.
=959  \\$fCurrently received
=985  \\$aCorrected by BSS-generated file for WR# 08/157
=985  \\$aCorrected by MS generated file for WR# 12.018
=A02  \\$a102426963
=CAT  \\$aCONV$b00$c20040425$lBLL90$h0713
=CAT  \\$aIPL-CLA$c20170331$lBLL01$h1841
=CAT  \\$aBATCH-UPD$b00$c20170904$lBLL01$h1922
=CAT  \\$aIPL-CLA$c20170929$lBLL01$h1725
=CAT  \\$aBATCH-UPD$b00$c20180223$lBLL01$h1753
=CAT  \\$aIPL-CLA$c20180331$lBLL01$h1616
=CAT  \\$aBATCH-UPD$b00$c20180823$lBLL01$h1939
=CAT  \\$aIPL-CLA$c20180930$lBLL01$h1500
=CAT  \\$aBATCH-UPD$b00$c20190829$lBLL01$h1537
=CAT  \\$aIPL-CLA$c20190930$lBLL01$h1635
=CAT  \\$aBATCH-UPD$b00$c20200219$lBLL01$h1519
=CAT  \\$aIPL-CLA$c20200331$lBLL01$h1612
=CAT  \\$aBATCH-UPD$b00$c20200522$lBLL01$h1503
=CAT  \\$aIPL-CLA$c20200701$lBLL01$h0053
=CAT  \\$aBATCH-UPD$b00$c20201126$lBLL01$h1122
=CAT  \\$aIPL-CLA$c20201231$lBLL01$h1528
=CAT  \\$a8124$b40$c20210203$lBLL01$h1508
=CAT  \\$a8124$b40$c20210203$lBLL01$h1510
=CAT  \\$aBATCH-UPD$b40$c20210226$lBLL01$h1045
=CAT  \\$aIPL-CLA$c20210331$lBLL01$h1659
=CAT  \\$aBATCH-UPD$b00$c20210707$lBLL01$h1609
=CAT  \\$aIPL-CLA$c20210707$lBLL01$h1843
=CAT  \\$aBATCH-UPD$b00$c20220520$lBLL01$h1648
=CAT  \\$aIPL-CLA$c20220630$lBLL01$h1537
=CAT  \\$aBATCH-UPD$b00$c20220824$lBLL01$h0913
=CAT  \\$aIPL-CLA$c20220930$lBLL01$h1426
=CFI  0\$aCurrent copyright fee: GBP35.00$c24\0$e01-oct-2022$fGBP35.00$g0$hP$5Uk
=CFI  2\$aPrevious copyright fee: GBP33.60$c24\0$e01-jul-2022$fGBP33.60$g0$hP$5Uk
=EST  \\$a1
=FFP  \\$aY$bBLDSS-3PM
=FIN  \\$aY
=LEO  \\$aMP10.0000632518
=LET  \0$aVerhaltenstherapie (Electronic)
=LKR  \\$aPAR$b011769877$lBLL01$r776$mVerhaltenstherapie (Online)$nVerhaltenstherapie (Print)
=MNI  \\$a1016-6262
=SRC  \\$aDSS01$bbibmp10.200404.2.aa
=TCO  \\$aCHE$bPRO LITTERIS$c008
=TOC  \\$aETOC
=UNO  \\$aY
=ACF  \\$aPrevious copyright fee: GBP23.75$c24\0$e01-oct-2011$fGBP23.75$g0$hP$5Uk
=ACF  \\$aPrevious copyright fee: GBP27.50$c24\0$e01-jul-2011$fGBP27.50$g0$hP$5Uk
=ACF  \\$aPrevious copyright fee: GBP28.39$c24\0$e01-apr-2011$fGBP28.39$g0$hP$5Uk
=ACF  \\$aPrevious copyright fee: GBP19.35$c24\0$e01-jul-2010$fGBP19.35$g0$hP$5Uk
=ACF  \\$aPrevious copyright fee: GBP18.18$c24\0$e01-jan-2010$fGBP18.18$g0$hP$5Uk
=ACF  \\$aPrevious copyright fee: GBP15.76$c24\0$e01-oct-2009$fGBP15.76$g0$hP$5Uk
=ACF  \\$aPrevious copyright fee: GBP18.57$c24\0$e01-apr-2009$fGBP18.57$g0$hP$5Uk
=ACF  \\$aPrevious copyright fee: GBP16.25$c24\0$e01-jan-2009$fGBP16.25$g0$hP$5Uk
=ACF  \\$aPrevious copyright fee: GBP12.25$c24\0$e01-jan-2008$fGBP12.25$g0$hP$5Uk
=ACF  \\$aPrevious copyright fee: GBP11.75$c24\0$e01-jul-2007$fGBP11.75$g0$hP$5Uk
=ACF  \\$aPrevious copyright fee: GBP12.05$c24\0$e01-apr-2007$fGBP12.05$g0$hP$5Uk
=ACF  \\$aPrevious copyright fee: GBP12.70$c24\0$e01-oct-2006$fGBP12.70$g0$hP$5Uk
=ACF  \\$aPrevious copyright fee: GBP13.43$c24\0$e01-apr-2006$fGBP13.43$g0$hP$5Uk
=ACF  \\$aPrevious copyright fee: GBP13.06$c24\0$e01-jan-2006$fGBP13.06$g0$hP$5Uk
=ACF  \\$aPrevious copyright fee: GBP11.90$c24\0$e01-apr-2005$fGBP11.90$g0$hP$5Uk
=ACF  \\$aPrevious copyright fee: GBP12.22$c24\0$e01-jan-2005$fGBP12.22$g0$hP$5Uk
=ACF  \\$aPrevious copyright fee: GBP11.35$c24\0$e01-apr-2004$fGBP11.35$g0$hP$5Uk
=ACF  \\$aCurrent copyright fee: GBP12.35$c24\0$e01-jan-2004$fGBP12.35$g0$hP$5Uk
=ACF  \\$aCurrent copyright fee: GBP12.19$c24\0$e01-jan-2003$fGBP12.19$g0$hP$5Uk
=ACF  \\$aPrevious copyright fee: GBP24.52$c24\0$e01-jan-2012$fGBP24.52$g0$hP$5Uk
=ACF  \\$aPrevious copyright fee: GBP23.03$c24\0$e01-jul-2012$fGBP23.03$g0$hP$5Uk
=ACF  \\$aPrevious copyright fee: GBP23.75$c24\0$e01-jan-2013$fGBP23.75$g0$hP$5Uk
=ACF  \\$aPrevious copyright fee: GBP24.52$c24\0$e01-jul-2013$fGBP24.52$g0$hP$5Uk
=ACF  \\$aPrevious copyright fee: GBP24.69$c24\0$e01-jan-2014$fGBP24.69$g0$hP$5Uk
=ACF  \\$aPrevious copyright fee: GBP23.94$c24\0$e01-jul-2014$fGBP23.94$g0$hP$5Uk
=ACF  \\$aPrevious copyright fee: GBP25.48$c24\0$e01-apr-2015$fGBP25.48$g0$hP$5Uk
=ACF  \\$aPrevious copyright fee: GBP26.33$c24\0$e01-jul-2015$fGBP26.33$g0$hP$5Uk
=ACF  \\$aPrevious copyright fee: GBP25.48$c24\0$e01-oct-2015$fGBP25.48$g0$hP$5Uk
=ACF  \\$aPrevious copyright fee: GBP27.24$c24\0$e01-apr-2016$fGBP27.24$g0$hP$5Uk
=ACF  \\$aPrevious copyright fee: GBP29.26$c24\0$e01-oct-2016$fGBP29.26$g0$hP$5Uk
=ACF  \\$aPrevious copyright fee: GBP31.60$c24\0$e01-apr-2017$fGBP31.60$g0$hP$5Uk
=ACF  \\$aPrevious copyright fee: GBP30.38$c24\0$e01-oct-2017$fGBP30.38$g0$hP$5Uk
=ACF  \\$aPrevious copyright fee: GBP28.21$c24\0$e01-apr-2018$fGBP28.21$g0$hP$5Uk
=ACF  \\$aPrevious copyright fee: GBP30.38$c24\0$e01-oct-2018$fGBP30.38$g0$hP$5Uk
=ACF  \\$aPrevious copyright fee: GBP31.60$c24\0$e01-oct-2019$fGBP31.60$g0$hP$5Uk
=ACF  \\$aPrevious copyright fee: GBP30.38$c24\0$e01-apr-2020$fGBP30.38$g0$hP$5Uk
=ACF  \\$aPrevious copyright fee: GBP31.60$c24\0$e01-jul-2020$fGBP31.60$g0$hP$5Uk
=ACF  \\$aPrevious copyright fee: GBP33.60$c24\0$e01-jan-2021$fGBP33.60$g0$hP$5Uk
=ACF  \\$aPrevious copyright fee: GBP31.11$c24\0$e01-apr-2021$fGBP31.11$g0$hP$5Uk
=ACF  \\$aPrevious copyright fee: GBP30.00$c24\0$e07-jul-2021$fGBP30.00$g0$hP$5Uk
=LAS  \\$aIPL-CLA$b00$c20220930$lBLL01$h1426

