=LDR  02554cas a2200685 i 4500
=001  017624845
=003  Uk
=005  20230927151003.0
=006  m\\\\\\\\d\\\\\\\\
=007  cr\|||||||||||
=008  151124d20092022be\ar\j\o\\\\\0\\\a0eng\\
=FMT  \\$a  SE
=022  \\$a2032-6912
=040  \\$aUk$beng$cUk$erda
=042  \\$aukblsr
=082  04$a418.020285$223
=245  00$aJournal of internationalization and localization.
=264  \1$a[Antwerpen] :$bLessius Hogeschool
=264  31$32016-2022$aAmsterdam :$bJohn Benjamins
=300  \\$billustrations (black and white, and colour)
=310  \\$aAnnual
=336  \\$atext$2rdacontent
=337  \\$acomputer$2rdamedia
=338  \\$aonline resource$2rdacarrier
=362  0\$aVolume 1 (2009)-volume 9 (2022).
=500  \\$aTitle from journal homepage (John Benjamin website, viewed September 13, 2023).
=588  \\$aLatest issue consulted: volume 9 (2022), viewed September 13, 2023.
=538  \\$aMode of access: World Wide Web.
=540  \\$aCurrent copyright fee: GBP20.00$c78\0$5Uk
=650  \7$aTranslating and interpreting$xTechnological innovations.$2fast$0(OCoLC)fst01154814
=650  \7$aDigital media.$2fast$0(OCoLC)fst00893716
=655  \7$aPeriodicals.$2fast$0(OCoLC)fst01411641
=651  \7$aGreat Britain.$2fast$0(OCoLC)fst01204623
=785  00$tDigital translation
=856  40$31850-9999$uhttp://benjamins.com$xBLDSS
=859  \\$aELD$bejournal
=852  \\$aBritish Library$bDSC$j5007.693030$3Volume 3:Issue 1(2016)-Volume 9:Issue 2(2022)
=945  \\$aJournal of internationalization and localization
=959  \\$fHeld but not currently received
=979  \\$aBritish Library$bDSC$j5007.693030
=CAT  \\$a12654$b40$c20151124$lBLL01$h0831
=CAT  \\$aBLDSS-3PM$b00$c20151201$lBLL01$h1133
=CAT  \\$aBATCH-UPD$b00$c20160524$lBLL01$h2301
=CAT  \\$aBATCH-UPD$b00$c20160525$lBLL01$h0656
=CAT  \\$a8055$b40$c20170503$lBLL01$h1426
=CAT  \\$a6558$b40$c20230823$lBLL01$h1127
=CAT  \\$a8483$b40$c20230913$lBLL01$h1454
=CAT  \\$a8483$b40$c20230913$lBLL01$h1455
=CAT  \\$a8483$b40$c20230913$lBLL01$h1457
=CAT  \\$a5410$b40$c20230919$lBLL01$h1352
=CAT  \\$a5410$b40$c20230927$lBLL01$h1509
=CAT  \\$a5410$b40$c20230927$lBLL01$h1510
=CFI  0\$aCurrent copyright fee: GBP20.00$c78\0$e20-nov-2015$fGBP20.00$g0$hP$5Uk
=EST  \\$a1
=FFP  \\$aY$bBLDSS-3PM
=FIN  \\$aY$d20230913
=MNI  \\$a2032-6904
=TOC  \\$aETOC
=UNO  \\$aY
=LAS  \\$a5410$b40$c20230927$lBLL01$h1510

