=LDR  04262cas a2201009 i 4500
=001  017845128
=003  Uk
=005  20230914095256.0
=006  m\\\\\\\\d\\\\\\\\
=007  cr\|||||||||||
=008  160511c19489999xxumr\j\o\\\\\0\\\a0eng\\
=FMT  \\$a  SE
=022  \\$a1945-0699
=040  \\$aUk$beng$cUk$erda
=042  \\$aukblsr
=082  04$a530.5$223
=222  \0$aPhysics today$b(Online)
=245  00$aPhysics today.
=264  \1$aNew York :$bAmerican Institute of Physics
=264  31$a[Melville] :$bAIP Publishing
=300  \\$billustrations (colour)
=310  \\$aMonthly
=336  \\$atext$2rdacontent
=337  \\$acomputer$2rdamedia
=338  \\$aonline resource$2rdacarrier
=362  1\$aPrint began with v.1 (May 1948).
=588  \\$aDescription based on print version record.
=588  \\$aLatest issue consulted: volume 76, issue 9 (September 2023) (AIP Publishing website, viewed September 14, 2023).
=538  \\$aMode of access: World Wide Web.
=540  \\$aCurrent copyright fee: GBP29.17$c7\0$5Uk
=650  \0$aPhysics.$2fast$0(OCoLC)fst01063025
=655  \7$aPeriodicals.$2fast$0(OCoLC)fst01411641
=710  2\$aAmerican Institute of Physics,$eissuing body.
=776  08$iAlso issued in print as:$tPhysics today$x0031-9228
=856  40$31850-9999$uhttp://www.aip.org/$xBLDSS
=859  \\$aELD$bejournal
=852  \\$aBritish Library$bDSC$j6479.000000$3Volume 67:Issue 1(2014)-
=945  \\$aPhysics today
=959  \\$fCurrently received
=CAT  \\$a12654$b40$c20160511$lBLL01$h0758
=CAT  \\$aIPL-CLA$c20170331$lBLL01$h1928
=CAT  \\$aBATCH-UPD$b00$c20170904$lBLL01$h2059
=CAT  \\$aIPL-CLA$c20170929$lBLL01$h1813
=CAT  \\$aBATCH-UPD$b00$c20180223$lBLL01$h1959
=CAT  \\$aIPL-CLA$c20180331$lBLL01$h1718
=CAT  \\$aBATCH-UPD$b00$c20180823$lBLL01$h2012
=CAT  \\$aIPL-CLA$c20180930$lBLL01$h1521
=CAT  \\$a5410$b40$c20190809$lBLL01$h1136
=CAT  \\$aBATCH-UPD$b40$c20190829$lBLL01$h1616
=CAT  \\$aIPL-CLA$c20190930$lBLL01$h1658
=CAT  \\$aBATCH-UPD$b00$c20200219$lBLL01$h1617
=CAT  \\$aIPL-CLA$c20200331$lBLL01$h1636
=CAT  \\$aBATCH-UPD$b00$c20200522$lBLL01$h1543
=CAT  \\$aIPL-CLA$c20200701$lBLL01$h0122
=CAT  \\$aBATCH-UPD$b00$c20200820$lBLL01$h1759
=CAT  \\$aIPL-CLA$c20200930$lBLL01$h1646
=CAT  \\$aBATCH-UPD$b00$c20210226$lBLL01$h1125
=CAT  \\$aIPL-CLA$c20210331$lBLL01$h1704
=CAT  \\$aBATCH-UPD$b00$c20210707$lBLL01$h1648
=CAT  \\$aIPL-CLA$c20210707$lBLL01$h1845
=CAT  \\$aBATCH-UPD$b00$c20220520$lBLL01$h1733
=CAT  \\$aIPL-CLA$c20220630$lBLL01$h1540
=CAT  \\$aBATCH-UPD$b00$c20220824$lBLL01$h0951
=CAT  \\$aIPL-CLA$c20220930$lBLL01$h1430
=CAT  \\$a8483$b40$c20230914$lBLL01$h0952
=CFI  0\$aCurrent copyright fee: GBP29.17$c7\0$e01-oct-2022$fGBP29.17$g0$hP$5Uk
=CFI  2\$aPrevious copyright fee: GBP28.00$c7\0$e01-jul-2022$fGBP28.00$g0$hP$5Uk
=EST  \\$a1
=FFP  \\$aY$bBLDSS-3PM
=FIN  \\$aY$d20230914
=LKR  \\$aPAR$b012100838$lBLL01$r776$mPhysics today (Online)$nPhysics today
=MNI  \\$a0031-9228
=TOC  \\$aETOC
=UNO  \\$aY
=ACF  \\$aPrevious copyright fee: GBP20.69$c7\0$e11-may-2016$fGBP20.69$g0$hP$5Uk
=ACF  \\$aPrevious copyright fee: GBP22.22$c7\0$e01-oct-2016$fGBP22.22$g0$hP$5Uk
=ACF  \\$aPrevious copyright fee: GBP24.00$c7\0$e01-apr-2017$fGBP24.00$g0$hP$5Uk
=ACF  \\$aPrevious copyright fee: GBP23.08$c7\0$e01-oct-2017$fGBP23.08$g0$hP$5Uk
=ACF  \\$aPrevious copyright fee: GBP21.43$c7\0$e01-apr-2018$fGBP21.43$g0$hP$5Uk
=ACF  \\$aPrevious copyright fee: GBP23.08$c7\0$e01-oct-2018$fGBP23.08$g0$hP$5Uk
=ACF  \\$aPrevious copyright fee: GBP24.00$c7\0$e01-oct-2019$fGBP24.00$g0$hP$5Uk
=ACF  \\$aPrevious copyright fee: GBP23.08$c7\0$e01-apr-2020$fGBP23.08$g0$hP$5Uk
=ACF  \\$aPrevious copyright fee: GBP24.00$c7\0$e01-jul-2020$fGBP24.00$g0$hP$5Uk
=ACF  \\$aPrevious copyright fee: GBP28.00$c7\0$e01-oct-2020$fGBP28.00$g0$hP$5Uk
=ACF  \\$aPrevious copyright fee: GBP25.93$c7\0$e01-apr-2021$fGBP25.93$g0$hP$5Uk
=ACF  \\$aPrevious copyright fee: GBP25.00$c7\0$e07-jul-2021$fGBP25.00$g0$hP$5Uk
=LAS  \\$a8483$b40$c20230914$lBLL01$h0952

