=LDR  02215cas a2200589 i 4500
=001  020839536
=003  Uk
=005  20230928141059.0
=006  m\\\\\\\\d\|\\\\\\
=007  cr\|||||||||||
=008  191112c20229999ts\tr\j\o\\\\\0\\\a0eng\\
=FMT  \\$a  SE
=022  0\$a2949-6829
=040  \\$aUk$beng$cUk$dUk$erda
=042  \\$aukblsr
=082  04$a615.705$223
=222  \0$aDrug metabolism and bioanalysis letters
=245  00$aDrug metabolism and bioanalysis letters.
=264  \1$aSharjah :$bBentham Science Publishers,$c2022-
=300  \\$billustrations (colour)
=310  \\$aThree times a year
=336  \\$atext$2rdacontent
=337  \\$acomputer$2rdamedia
=338  \\$aonline resource$2rdacarrier
=362  0\$aVolume 15, issue 1 (2022)-
=500  \\$aTitle from PDF header (benthamscience, viewed September 28, 2023).
=515  \\$aArticles added, as accepted, to current issue.
=588  \\$aLatest issue consulted: volume 16, issue 1 (2023)(viewed September 28, 2023).
=540  \\$aCurrent copyright fee: GBP48.33$c38\0$5Uk
=650  \7$aDrugs$xMetabolism.$2fast$0(OCoLC)fst00898845
=655  \7$aPeriodicals.$2fast$0(OCoLC)fst01411641
=780  00$tDrug metabolism letters (Online)$x1874-0758
=856  4\$31850-9999$uhttp://benthamscience.com/$xBLDSS
=859  \\$aELD$bejournal
=852  \\$aBritish Library$bDSC$j3629.324000$3Volume 15:Issue 1(2022)-
=945  \\$aDrug metabolism and bioanalysis letters
=959  \\$fCurrently received
=985  \\$aWFH record (CS) 2023
=CAT  \\$a8055$b40$c20221214$lBLL01$h1026
=CAT  \\$aBLDSS-3PM$b00$c20221219$lBLL01$h1524
=CAT  \\$aBATCH-UPD$b00$c20221219$lBLL01$h1524
=CAT  \\$a5410$b40$c20221221$lBLL01$h1112
=CAT  \\$a8124$b40$c20230928$lBLL01$h1410
=CFI  0\$aCurrent copyright fee: GBP48.33$c38\0$e14-dec-2022$fGBP48.33$g0$hP$5Uk
=EST  \\$a1
=FFP  \\$aY$bBLDSS-3PM
=FIN  \\$aY$d20230928
=LET  \0$aDrug metabolism and bioanalysis letters (Electronic)
=LKR  \\$aPAR$b015963127$lBLL01$r78000$mDrug metabolism and bioanalysis letters (Online)$nDrug metabolism letters (Print)
=MNI  \\$a2949-6810
=TOC  \\$aETOC
=LAS  \\$a8124$b40$c20230928$lBLL01$h1410

